@Manual{v601,
  title = {Anleitung zum Versuch 601. Der Franck-Hertz-Versuch},
  url = {http://129.217.224.2/HOMEPAGE/PHYSIKER/BACHELOR/AP/SKRIPT/V601.pdf},
  year = {2012},
  month = {11},
  day = {10}
}

@Manual{v701,
  title = {Anleitung zum Versuch 601. Reichweite von Alpha-Strahlen},
  url = {http://129.217.224.2/HOMEPAGE/PHYSIKER/BACHELOR/AP/SKRIPT/Alpha.pdf},
  year = {2012},
  month = {11},
  day = {20}
}

@Manual{v103,
  title = {Anleitung zum Versuch 103. Biegung elastischer Stäbe},
  url = {http://129.217.224.2/HOMEPAGE/PHYSIKER/BACHELOR/AP/SKRIPT/V103.pdf},
  urldate = {2012-11-27}
}

@Manual{v204,
  title = {V204: Wärmeleitung von Metallen},
  url = 
    {http://129.217.224.2/HOMEPAGE/PHYSIKER/BACHELOR/AP/SKRIPT/Waermeleitf.pdf},
  urldate = {2012-11-28}
}

@Online{nist,
  author =  {A. Kramida and Yu. Ralchenko and J. Reader and NIST ASD Team},
  title = {{NIST Atomic Spectra Database (ver. 5.0) [Online]}},
  url = {http://physics.nist.gov/asd},
  publisher = {National Institute of Standards and Technology},
  location = {Gaithersburg, MD.},
  urldate = {2012-11-14},
  year = 2011
}

@Online{uni-kiel:phononen,
  author = {H. Föll},
  title = {Phononen},
  url = {http://www.tf.uni-kiel.de/matwis/amat/mw2_ge/kap_2/advanced/t2_1_1.html},
  urldate = {2012-12-05}
}

@Reference{bronstein,
  editor = {I. N. Bronstein and K. A. Semendjajew and G. Musiol and
                  H. Mühlig},
  title = {Taschenbuch der Mathematik},
  year =  {2008},
  edition = {7},
  publisher = {Wissenschaftlicher Verlag Harri Deutsch},
  location =  {Frankfurt am Main}
}
